@inproceedings{li2016scalable,
  title={{A scalable end-to-end Gaussian process adapter for irregularly sampled time series classification}},
  author={Li, Steven Cheng-Xian and Marlin, Benjamin M.},
  booktitle={Advances in Neural Information Processing Systems},
  pages={1804--1812},
  year={2016}
}

@inproceedings{futoma2017mgp,
 title={{Learning to Detect Sepsis with a Multitask Gaussian Process RNN Classifier}},
 author={Futoma, Joseph and Hariharan, Sanjay and Heller, Katherine},
 booktitle={Proceedings of the 34th International Conference on Machine Learning},
 year={2017},
 pages={1174--1182}
}

@inproceedings{kidger2019deep,
  title={{Deep Signature Transforms}},
  author={Bonnier, Patric and Kidger, Patrick and Perez Arribas, Imanol and Salvi, Cristopher and Lyons, Terry},
  booktitle={Advances in Neural Information Processing Systems},
  pages={3099--3109},
  year={2019}
}

@article{Chen58,
  title={{Integration of paths - a faithful representation of paths by non-commutative formal power series}},
  author={K. T. Chen},
  journal={Trans. Amer. Math. Soc. 89 (1958), 395--407},
  year={1958}
}

@article{Chen57,
  title={{Integration of paths, geometric invariants and a generalized Baker-Hausdorff formula}},
  author={K. T. Chen},
  journal={Ann. of Math. (2), 65:163--178},
  year={1957}
}

@article{Chen54,
  title={Iterated integrals and exponential homomorphisms},
  author={K. T. Chen},
  journal={Proc. London Math. Soc, 4, 502--512},
  year={1954}
}

@article{lyons2014rough,
  title={Rough paths, signatures and the modelling of functions on streams},
  author={Lyons, Terry},
  journal={arXiv:1405.4537},
  year={2014}
}

@article{lyons1998differential,
  title={Differential equations driven by rough signals},
  author={Lyons, Terry J},
  journal={Revista Matem{\'a}tica Iberoamericana},
  volume={14},
  number={2},
  pages={215--310},
  year={1998}
}

@article{hambly2010uniqueness,
	title="Uniqueness for the signature of a path of bounded variation and the reduced path group",
	author="Ben M. {Hambly} and Terry J. {Lyons}",
	journal="Annals of Mathematics",
	volume="171",
	number="1",
	pages="109--167",
	year="2010"
}

@article{primer2016,
  title={A primer on the signature method in machine learning},
  author={Chevyrev, I. and Kormilitzin, A.},
  journal={arXiv:1603.03788},
  year={2016}
}

@article{chevyrev2018signature,
  title={Signature moments to characterize laws of stochastic processes},
  author={Chevyrev, Ilya and Oberhauser, Harald},
  journal={arXiv:1810.10971},
  year={2018}
}

@article{kiraly2019kernels,
  title={Kernels for sequentially ordered data},
  author={Kir{\'a}ly, Franz J and Oberhauser, Harald},
  journal={Journal of Machine Learning Research},
  year={2019}
}

@inproceedings{yang2015chinese,
  title={{Chinese character-level writer identification using path signature feature, DropStroke and deep CNN}},
  author={Yang, Weixin and Jin, Lianwen and Liu, Manfei},
  booktitle={2015 13th International Conference on Document Analysis and Recognition (ICDAR)},
  pages={546--550},
  year={2015},
  organization={IEEE}
}

@article{yang2016deepwriterid,
  title={{Deepwriterid: An end-to-end online text-independent writer identification system}},
  author={Yang, Weixin and Jin, Lianwen and Liu, Manfei},
  journal={IEEE Intelligent Systems},
  volume={31},
  number={2},
  pages={45--53},
  year={2016},
  publisher={IEEE}
}

@inproceedings{li2017lpsnet,
  title={{LPSNet: a novel log path signature feature based hand gesture recognition framework}},
  author={Li, Chenyang and Zhang, Xin and Jin, Lianwen},
  booktitle={Proceedings of the IEEE International Conference on Computer Vision},
  pages={631--639},
  year={2017}
}

@article{yang2017leveraging,
  title={Leveraging the path signature for skeleton-based human action recognition},
  author={Yang, Weixin and Lyons, Terry and Ni, Hao and Schmid, Cordelia and Jin, Lianwen and Chang, Jiawei},
  journal={arXiv:1707.03993},
  year={2017}
}

@inproceedings{yang2016rotation,
  title={Rotation-free online handwritten character recognition using dyadic path signature features, hanging normalization, and deep neural network},
  author={Yang, Weixin and Jin, Lianwen and Ni, Hao and Lyons, Terry},
  booktitle={2016 23rd International Conference on Pattern Recognition (ICPR)},
  pages={4083--4088},
  year={2016},
  organization={IEEE}
}

@article{toth2019gp,
  title={{Variational Gaussian Processes with Signature Covariances}},
  author={Toth, Csaba and Oberhauser, Harald},
  journal={arXiv:1906.08215},
  year={2019}
}

@article{fermanian2019embedding,
  title={Embedding and learning with signatures},
  author={Fermanian, Adeline},
  journal={arXiv:1911.13211},
  year={2019}
}

@article{morrill2019sepsis,
  title={{The Signature-based Model for Early Detection of Sepsis from Electronic Health Records in the Intensive Care Unit}},
  author={Morrill, James and Kormilitzin, Andrey and Nevado-Holgado, Alejo and Swaminathan, Sumanth and Howison, Sam and Lyons, Terry},
  journal={International Conference in Computing in Cardiology},
  year={2019}
}

@article{signatory,
    title={{Signatory: differentiable computations of the signature and logsignature transforms, on both CPU and GPU}},
    author={Kidger, Patrick and Lyons, Terry},
    journal={arXiv:2001.00706},
    url={https://github.com/patrick-kidger/signatory},
    year={2020}
}

@article{iisignature,
author = {Reizenstein, Jeremy and Graham, Benjamin},
title = {{The iisignature library: efficient calculation of iterated-integral signatures and log signatures}},
journal = {arXiv:1802.08252},
year = {2018}
}

@misc{esig,
 title={esig},
 author={Terry Lyons},
 url={https://esig.readthedocs.io/},
 year={2012}
 }
 
 @book{gelman2007dataanalysis,
  author = {Gelman, Andrew and Hill, Jennifer},
  title = {{Data Analysis Using Regression and Multilevel/Hierarchical Models}},
  publisher = {Cambridge University Press},
  year = 2007
}

@article{logsigrnn,
  title={Learning stochastic differential equations using RNN with log signature features},
  author={Shujian Liao and Terry Lyons and Weixin Yang and Hao Ni},
  journal = {arXiv:1908.08286},
  year={2019}
}

@phdthesis{jeremythesis,
 title={Iterated-integral signatures in machine learning},
 author={Jeremy Reizenstein},
 year={2019},
 note={http://wrap.warwick.ac.uk/131162/},
 school={University of Warwick}
}
 
@article{FritzVictoir10,
  title={Multidimensional stochastic processes as rough paths: theory and applications},
  author={Friz, Peter K. and Victoir, Nicolas B.},
  journal={Cambridge University Press},
  year={2010}
}

@InProceedings{fey2018splinecnn,
author = {Fey, Matthias and Eric Lenssen, Jan and Weichert, Frank and MÃ¼ller, Heinrich},
title = {{SplineCNN: Fast Geometric Deep Learning With Continuous B-Spline Kernels}},
booktitle = {The IEEE Conference on Computer Vision and Pattern Recognition (CVPR)},
year = {2018}
} 

@article{FUNAHASHI1993801,
title = "Approximation of dynamical systems by continuous time recurrent neural networks",
journal = "Neural Networks",
volume = "6",
number = "6",
pages = "801 - 806",
year = "1993",
author = "Funahashi, Ken-ichi and Nakamura, Yuichi",
}

@article{continuousrnn,
author = {Bailer-Jones, C.A.L. and MacKay, D.J.C. and Withers, Philip},
year = {1998},
pages = {531-47},
title = {A recurrent neural network for modelling dynamical systems},
volume = {9},
journal = {Network: Computation in Neural Systems},
}

@Article{PerezArribas2018,
author={Perez Arribas, Imanol
and Goodwin, Guy M.
and Geddes, John R.
and Lyons, Terry
and Saunders, Kate E. A.},
title={A signature-based machine learning model for distinguishing bipolar disorder and borderline personality disorder},
journal={Translational Psychiatry},
year={2018},
volume={8},
number={1},
pages={274},
}

@Article{Molnar2008,
author={Molnar, Frank J.
and Hutton, Brian
and Fergusson, Dean},
title={Does analysis using "last observation carried forward" introduce bias in dementia research?},
journal={CMAJ : Canadian Medical Association journal = journal de l'Association medicale canadienne},
year={2008},
month={Oct},
day={07},
publisher={Canadian Medical Association},
volume={179},
number={8},
pages={751-753}
}

@article{kormilitzlin2016,
author={Kormilitzin, A. B. and Saunders, K. E. A. and Harrison, P. J. and Geddes, J. R. and Lyons, T. J.},
title={Application of the Signature Method to Pattern Recognition in the CEQUEL Clinical Trial},
journal={https://arxiv.org/abs/1606.02074},
year={2016}
}